
@article{briggs2015sorry,
  title={``Sorry, I can't do that'': Developing Mechanisms to Appropriately Reject Directives in Human-Robot Interactions},
  author={Briggs, Gordon and Scheutz, Matthias},
  year={2015}
}


@article{mundhenk2000complexity,
  title={Complexity of finite-horizon Markov decision process problems},
  author={Mundhenk, Martin and Goldsmith, Judy and Lusena, Christopher and Allender, Eric},
  journal={Journal of the ACM (JACM)},
  volume={47},
  number={4},
  pages={681--720},
  year={2000},
  publisher={ACM}
}


@inproceedings{madani1999undecidability,
  title={On the undecidability of probabilistic planning and infinite-horizon partially observable Markov decision problems},
  author={Madani, Omid and Hanks, Steve and Condon, Anne},
  booktitle={AAAI/IAAI},
  pages={541--548},
  year={1999}
}


@article{scheutz2007first,
  title={First steps toward natural human-like HRI},
  author={Scheutz, Matthias and Schermerhorn, Paul and Kramer, James and Anderson, David},
  journal={Autonomous Robots},
  volume={22},
  number={4},
  pages={411--423},
  year={2007},
  publisher={Springer}
}

@article{hutter2000theory,
  title={A theory of universal artificial intelligence based on algorithmic complexity},
  author={Hutter, Marcus},
  journal={arXiv preprint cs/0004001},
  year={2000}
}

@inproceedings{macglashan2015between,
  title={Between imitation and intention learning},
  author={MacGlashan, James and Littman, Michael L},
  booktitle={Proceedings of the 24th International Conference on Artificial Intelligence},
  pages={3692--3698},
  year={2015},
  organization={AAAI Press}
}

@inproceedings{macglashan2014training,
  title={Training an agent to ground commands with reward and punishment},
  author={MacGlashan, James and Littman, Michael and Loftin, Robert and Peng, Bei and Roberts, David and Taylor, Matthew E},
  booktitle={Proceedings of the AAAI Machine Learning for Interactive Systems Workshop},
  year={2014}
}

@article{jakobsen2015shutdown,
  title={The Shutdown problem},
  author={Jakobsen, Sune K},
  year={2015}
}

@inproceedings{tellex2011understanding,
  title={Understanding Natural Language Commands for Robotic Navigation and Mobile Manipulation.},
  author={Tellex, Stefanie and Kollar, Thomas and Dickerson, Steven and Walter, Matthew R and Banerjee, Ashis Gopal and Teller, Seth J and Roy, Nicholas},
  booktitle={AAAI},
  year={2011}
}

@paper{AAAIW1510183,
  author = {Stuart Armstrong},
  title = {Motivated Value Selection for Artificial Agents},
  conference = {AAAI Workshops},
  year = {2015},
  keywords = {AI; value learning; value selection; ethics; safety},
  url = {http://aaai.org/ocs/index.php/WS/AAAIW15/paper/view/10183/10126}
}